%% This BibTeX bibliography file was created using BibDesk.
%% http://bibdesk.sourceforge.net/
@book{conci:2003,
  title={Computa{\c{c}}{\~a}o gr{\'a}fica: teoria e pr{\'a}tica},
  author={Azevedo, Eduardo and Conci, Aura},
  year={2003},
  publisher={Elsevier}
}

@inproceedings{eiben:1994,
  title={Genetic algorithms with multi-parent recombination},
  author={Eiben, Agoston E and Raue, P-E and Ruttkay, Zs},
  booktitle={International Conference on Parallel Problem Solving from Nature},
  pages={78--87},
  year={1994},
  organization={Springer}
}

@misc{gonzalez:2012,
  title={Digital image processing},
  author={Gonzalez, Rafael C and Woods, Richard E},
  year={2012},
  publisher={Upper Saddle River, NJ: Prentice Hall}
}

@article{guilherme:2007,
  title={Uma abordagem de afinamento por aprendizagem atrav{\'e}s de exemplos},
  author={Guilherme, LUIS RENATO WOISKI},
  journal={PUCPR- Brasil. Dispon{\'\i}vel em:< http://www. ppgia. pucpr. br/teses/DissertacaoPPGIa-LuisRenato-2007. pdf>. Acesso em},
  volume={10},
  year={2007}
}

@inproceedings{bosco:2001,
  title={A genetic algorithm for image segmentation},
  author={Bosco, G Lo},
  booktitle={Image Analysis and Processing, 2001. Proceedings. 11th International Conference on},
  pages={262--266},
  year={2001},
  organization={IEEE}
}

@article{minkowski:1911,
  title={Theorie der konvexen K{\"o}rper, insbesondere Begr{\"u}ndung ihres Oberfl{\"a}chenbegriffs},
  author={Minkowski, Hermann},
  journal={Gesammelte Abhandlungen},
  volume={2},
  pages={131--229},
  year={1911}
}

@book{linden:2008,
  title={Algoritmos gen{\'e}ticos (2a edi{\c{c}}ao)},
  author={Linden, Ricardo},
  year={2008},
  publisher={Brasport}
}

@article{holland:1992,
  title={Genetic algorithms},
  author={Holland, John H},
  journal={Scientific american},
  volume={267},
  number={1},
  pages={66--73},
  year={1992},
  publisher={JSTOR}
}

@article{hammouche:2008,
  title={A multilevel automatic thresholding method based on a genetic algorithm for a fast image segmentation},
  author={Hammouche, Kamal and Diaf, Moussa and Siarry, Patrick},
  journal={Computer Vision and Image Understanding},
  volume={109},
  number={2},
  pages={163--175},
  year={2008},
  publisher={Elsevier}
}
@phdthesis{matias:2007,
  title={O USO DO ALGORITMO GEN{\'E}TICO EM SEGMENTA{\c{C}}{\~A}O DE IMAGENS DIGITAIS},
  author={de Oliveira Matias, {\'I}talo},
  year={2007},
  school={UNIVERSIDADE FEDERAL DO RIO DE JANEIRO}
}

@book{pedrini:2008,
  title={An{\'a}lise de imagens digitais: princ{\'\i}pios, algoritmos e aplica{\c{c}}{\~o}es},
  author={Pedrini, H{\'e}lio and Schwartz, William Robson},
  year={2008},
  publisher={Thomson Learning}
}

@article{stentiford:1983,
  title={Some new heuristics for thinning binary handprinted characters for OCR},
  author={Stentiford, FWM and Mortimer, RG},
  journal={IEEE transactions on systems, man, and cybernetics},
  number={1},
  pages={81--84},
  year={1983},
  publisher={IEEE}
}

@inproceedings{ting:2005,
  title={On the mean convergence time of multi-parent genetic algorithms without selection},
  author={Ting, Chuan-Kang},
  booktitle={European Conference on Artificial Life},
  pages={403--412},
  year={2005},
  organization={Springer}
}

@article{zhang:1984,
  title={A fast parallel algorithm for thinning digital patterns},
  author={Zhang, TY and Suen, Ching Y.},
  journal={Communications of the ACM},
  volume={27},
  number={3},
  pages={236--239},
  year={1984},
  publisher={ACM}
}

@incollection{canny:1987,
  title={A computational approach to edge detection},
  author={Canny, John},
  booktitle={Readings in Computer Vision},
  pages={184--203},
  year={1987},
  publisher={Elsevier}
}

@article{sobel:1968,
  title={A 3x3 isotropic gradient operator for image processing},
  author={Sobel, Irwin and Feldman, Gary},
  journal={a talk at the Stanford Artificial Project in},
  pages={271--272},
  year={1968}
}

@article{bins:1996,
  title={Satellite imagery segmentation: a region growing approach},
  author={Bins, L Santâ€™anna and Fonseca, LM Garcia and Erthal, Guaraci Jos{\'e} and Ii, F Mitsuo},
  journal={Simp{\'o}sio Brasileiro de Sensoriamento Remoto},
  volume={8},
  number={1996},
  pages={677--680},
  year={1996},
  publisher={Imagem Multimidia, S{\~a}o Paulo. Proceedings, CD Salvador, Bahia, Brazil}
}

@incollection{gesu:1988,
  title={A clustering approach to texture classification},
  author={Di Gesu, Vito},
  booktitle={Real-time object measurement and classification},
  pages={185--195},
  year={1988},
  publisher={Springer}
}

@online{visnode,
  author = {VISNode},
  title = {VISNode},
  year = 2018,
  url = {https://github.com/VISNode/VISNode},
  urldate = {2018-05-03}
}

@online{fasseg,
  author = {FASSEG},
  title = {The FAce Semantic SEGmentation repository},
  year = 2018,
  url = {http://massimomauro.github.io/FASSEG-repository/},
  urldate = {2018-05-03}
}

@inproceedings{grefenstette:1985,
  title={Genetic algorithms for the traveling salesman problem},
  author={Grefenstette, John and Gopal, Rajeev and Rosmaita, Brian and Van Gucht, Dirk},
  booktitle={Proceedings of the first International Conference on Genetic Algorithms and their Applications},
  pages={160--168},
  year={1985}
}

@article{carvalho:2004,
  title={A hybrid decision tree/genetic algorithm method for data mining},
  author={Carvalho, Deborah R and Freitas, Alex A},
  journal={Information Sciences},
  volume={163},
  number={1-3},
  pages={13--35},
  year={2004},
  publisher={Elsevier}
}

@article{holt:1987,
  title={An improved parallel thinning algorithm},
  author={Holt, Christopher M and Stewart, Alan and Clint, Maurice and Perrott, Ronald H},
  journal={Communications of the ACM},
  volume={30},
  number={2},
  pages={156--160},
  year={1987},
  publisher={ACM}
}