%% This BibTeX bibliography file was created using BibDesk.
%% http://bibdesk.sourceforge.net/
@book{conci:2003,
  title={Computa{\c{c}}{\~a}o gr{\'a}fica: teoria e pr{\'a}tica},
  author={Azevedo, Eduardo and Conci, Aura},
  year={2003},
  publisher={Elsevier}
}

@inproceedings{eiben:1994,
  title={Genetic algorithms with multi-parent recombination},
  author={Eiben, Agoston E and Raue, P-E and Ruttkay, Zs},
  booktitle={International Conference on Parallel Problem Solving from Nature},
  pages={78--87},
  year={1994},
  organization={Springer}
}

@misc{gonzalez:2012,
  title={Digital image processing},
  author={Gonzalez, Rafael C and Woods, Richard E},
  year={2012},
  publisher={Upper Saddle River, NJ: Prentice Hall}
}

@article{guilherme:2007,
  title={Uma abordagem de afinamento por aprendizagem atrav{\'e}s de exemplos},
  author={Guilherme, LUIS RENATO WOISKI},
  journal={PUCPR- Brasil. Dispon{\'\i}vel em:< http://www. ppgia. pucpr. br/teses/DissertacaoPPGIa-LuisRenato-2007. pdf>. Acesso em},
  volume={10},
  year={2007}
}

@inproceedings{bosco:2001,
  title={A genetic algorithm for image segmentation},
  author={Bosco, G Lo},
  booktitle={Image Analysis and Processing, 2001. Proceedings. 11th International Conference on},
  pages={262--266},
  year={2001},
  organization={IEEE}
}

@article{minkowski:1911,
  title={Theorie der konvexen K{\"o}rper, insbesondere Begr{\"u}ndung ihres Oberfl{\"a}chenbegriffs},
  author={Minkowski, Hermann},
  journal={Gesammelte Abhandlungen},
  volume={2},
  pages={131--229},
  year={1911}
}

@book{linden:2008,
  title={Algoritmos gen{\'e}ticos (2a edi{\c{c}}ao)},
  author={Linden, Ricardo},
  year={2008},
  publisher={Brasport}
}

@article{holland:1992,
  title={Genetic algorithms},
  author={Holland, John H},
  journal={Scientific american},
  volume={267},
  number={1},
  pages={66--73},
  year={1992},
  publisher={JSTOR}
}

@article{hammouche:2008,
  title={A multilevel automatic thresholding method based on a genetic algorithm for a fast image segmentation},
  author={Hammouche, Kamal and Diaf, Moussa and Siarry, Patrick},
  journal={Computer Vision and Image Understanding},
  volume={109},
  number={2},
  pages={163--175},
  year={2008},
  publisher={Elsevier}
}
@phdthesis{matias:2007,
  title={O USO DO ALGORITMO GEN{\'E}TICO EM SEGMENTA{\c{C}}{\~A}O DE IMAGENS DIGITAIS},
  author={de Oliveira Matias, {\'I}talo},
  year={2007},
  school={UNIVERSIDADE FEDERAL DO RIO DE JANEIRO}
}

@book{pedrini:2008,
  title={An{\'a}lise de imagens digitais: princ{\'\i}pios, algoritmos e aplica{\c{c}}{\~o}es},
  author={Pedrini, H{\'e}lio and Schwartz, William Robson},
  year={2008},
  publisher={Thomson Learning}
}

@article{stentiford:1983,
  title={Some new heuristics for thinning binary handprinted characters for OCR},
  author={Stentiford, FWM and Mortimer, RG},
  journal={IEEE transactions on systems, man, and cybernetics},
  number={1},
  pages={81--84},
  year={1983},
  publisher={IEEE}
}

@inproceedings{ting:2005,
  title={On the mean convergence time of multi-parent genetic algorithms without selection},
  author={Ting, Chuan-Kang},
  booktitle={European Conference on Artificial Life},
  pages={403--412},
  year={2005},
  organization={Springer}
}

@article{zhang:1984,
  title={A fast parallel algorithm for thinning digital patterns},
  author={Zhang, TY and Suen, Ching Y.},
  journal={Communications of the ACM},
  volume={27},
  number={3},
  pages={236--239},
  year={1984},
  publisher={ACM}
}

@incollection{canny:1987,
  title={A computational approach to edge detection},
  author={Canny, John},
  booktitle={Readings in Computer Vision},
  pages={184--203},
  year={1987},
  publisher={Elsevier}
}

@article{sobel:1968,
  title={A 3x3 isotropic gradient operator for image processing},
  author={Sobel, Irwin and Feldman, Gary},
  journal={a talk at the Stanford Artificial Project in},
  pages={271--272},
  year={1968}
}

@article{bins:1996,
  title={Satellite imagery segmentation: a region growing approach},
  author={Bins, L Sant’anna and Fonseca, LM Garcia and Erthal, Guaraci Jos{\'e} and Ii, F Mitsuo},
  journal={Simp{\'o}sio Brasileiro de Sensoriamento Remoto},
  volume={8},
  number={1996},
  pages={677--680},
  year={1996},
  publisher={Imagem Multimidia, S{\~a}o Paulo. Proceedings, CD Salvador, Bahia, Brazil}
}

@incollection{gesu:1988,
  title={A clustering approach to texture classification},
  author={Di Gesu, Vito},
  booktitle={Real-time object measurement and classification},
  pages={185--195},
  year={1988},
  publisher={Springer}
}

@misc{visnode:2018,
  author = {VISNode},
  title = {VISNode},
  year = 2018,
  url = {https://github.com/VISNode/VISNode},
  urldate = {2018-05-03}
}

@misc{fasseg:2018,
  author = {FASSEG},
  title = {The FAce Semantic SEGmentation repository},
  year = 2018,
  url = {http://massimomauro.github.io/FASSEG-repository/},
  urldate = {2018-05-03}
}

@inproceedings{grefenstette:1985,
  title={Genetic algorithms for the traveling salesman problem},
  author={Grefenstette, John and Gopal, Rajeev and Rosmaita, Brian and Van Gucht, Dirk},
  booktitle={Proceedings of the first International Conference on Genetic Algorithms and their Applications},
  pages={160--168},
  year={1985}
}

@article{carvalho:2004,
  title={A hybrid decision tree/genetic algorithm method for data mining},
  author={Carvalho, Deborah R and Freitas, Alex A},
  journal={Information Sciences},
  volume={163},
  number={1-3},
  pages={13--35},
  year={2004},
  publisher={Elsevier}
}

@article{holt:1987,
  title={An improved parallel thinning algorithm},
  author={Holt, Christopher M and Stewart, Alan and Clint, Maurice and Perrott, Ronald H},
  journal={Communications of the ACM},
  volume={30},
  number={2},
  pages={156--160},
  year={1987},
  publisher={ACM}
}

@article{kim:2003,
  title={Fast image segmentation based on multi-resolution analysis and wavelets},
  author={Kim, Byung-Gyu and Shim, Jae-Ick and Park, Dong-Jo},
  journal={Pattern Recognition Letters},
  volume={24},
  number={16},
  pages={2995--3006},
  year={2003},
  publisher={Elsevier}
}

@article{yen:1995,
  title={A new criterion for automatic multilevel thresholding},
  author={Yen, Jui-Cheng and Chang, Fu-Juay and Chang, Shyang},
  journal={IEEE Transactions on Image Processing},
  volume={4},
  number={3},
  pages={370--378},
  year={1995},
  publisher={IEEE}
}

@article{queiroz:2007,
  title={Simple: uma ferramenta de suporte ao processo de ensino-aprendizagem de processamento digital de imagens},
  author={Queiroz, JER and Firmino Jr, PT and Hora, Andr{\'e} Cavalcante and Porto, VA},
  journal={Revista Brasileira de Inform{\'a}tica na Educa{\c{c}}{\~a}o},
  volume={15},
  number={2},
  pages={1--13},
  year={2007}
}

@inproceedings{noh:2015,
  title={Learning deconvolution network for semantic segmentation},
  author={Noh, Hyeonwoo and Hong, Seunghoon and Han, Bohyung},
  booktitle={Proceedings of the IEEE International Conference on Computer Vision},
  pages={1520--1528},
  year={2015}
}

@article{pal:1993,
  title={A review on image segmentation techniques},
  author={Pal, Nikhil R and Pal, Sankar K},
  journal={Pattern recognition},
  volume={26},
  number={9},
  pages={1277--1294},
  year={1993},
  publisher={Elsevier}
}

@article{huang:1992,
  title={Comparison of image processing algorithms and neural networks in machine vision inspection},
  author={Huang, Chien-nan and Lim, Chin-Choon and Ming, C},
  journal={Computers \& industrial engineering},
  volume={23},
  number={1-4},
  pages={105--108},
  year={1992},
  publisher={Elsevier}
}

@inproceedings{zeiler:2014,
  title={Visualizing and understanding convolutional networks},
  author={Zeiler, Matthew D and Fergus, Rob},
  booktitle={European conference on computer vision},
  pages={818--833},
  year={2014},
  organization={Springer}
}

@article{costa:2010,
  title={Aplica{\c{c}}{\~a}o de Algoritmos Gen{\'e}ticos para a Evolu{\c{c}}{\~a}o de Par{\^a}metros para a Segmenta{\c{c}}{\~a}o de Imagens},
  year={2010},
  author={Costa, GA and Cazes, TB}
}

@phdthesis{ronnau:2015,
  title={Segmentação Automática de Órgãos em Imagens de Tomografia Computadorizada do Tórax},
  author={RÖNNAU, Rodrigo F.},
  year={2015},
  school={Universidade Feevale}
}

@article{sorensen:1948,
  title={A method of establishing groups of equal amplitude in plant sociology based on similarity of species and its application to analyses of the vegetation on Danish commons},
  author={S{\o}rensen, Thorvald},
  journal={Biol. Skr.},
  volume={5},
  pages={1--34},
  year={1948}
}

@article{dice:1945,
  title={Measures of the amount of ecologic association between species},
  author={Dice, Lee R},
  journal={Ecology},
  volume={26},
  number={3},
  pages={297--302},
  year={1945},
  publisher={Wiley Online Library}
}

@article{jaccard:1912,
  title={The distribution of the flora in the alpine zone. 1},
  author={Jaccard, Paul},
  journal={New phytologist},
  volume={11},
  number={2},
  pages={37--50},
  year={1912},
  publisher={Wiley Online Library}
}

@techreport{bray:2017,
  title={The javascript object notation (json) data interchange format},
  author={Bray, Tim},
  year={2017}
}

@techreport{deutsch:1996,
  title={Zlib compressed data format specification version 3.3},
  author={Deutsch, Peter and Gailly, Jean-Loup},
  year={1996}
}

@book{roli:2005,
  title={Image Analysis And Processing Iciap 2005: 13th International Conference Cagliari, Itlay, September 6-8, 2005 Proceedings},
  author={Roli, Fabio},
  volume={3617},
  year={2005},
  publisher={Springer Science \& Business Media}
}

@article{li:2002,
  title={A species conserving genetic algorithm for multimodal function optimization},
  author={Li, Jian-Ping and Balazs, Marton E and Parks, Geoffrey T and Clarkson, P John},
  journal={Evolutionary computation},
  volume={10},
  number={3},
  pages={207--234},
  year={2002},
  publisher={MIT Press}
}

@article{likert:1932,
  title={A technique for the measurement of attitudes},
  author={Likert, Rensis},
  journal={Archives of psychology},
  year={1932}
}

@misc{collis:2005,
  title={Pesquisa em administra{\c{c}}{\~a}o: um guia para alunos de gradua{\c{c}}{\~a}o e p{\'o}s-gradua{\c{c}}{\~a}o. Trad. Lucia Simonini},
  author={Collis, Jill and Hussey, Roger},
  year={2005},
  publisher={Porto Alegre: Bookman}
}

@article{kakumanu:2007,
  title={A survey of skin-color modeling and detection methods},
  author={Kakumanu, Praveen and Makrogiannis, Sokratis and Bourbakis, Nikolaos},
  journal={Pattern recognition},
  volume={40},
  number={3},
  pages={1106--1122},
  year={2007},
  publisher={Elsevier}
}

@article{broadbent:2004,
  title={A critical review of the development of the CIE1931 RGB color-matching functions},
  author={Broadbent, Arthur D},
  journal={Color Research \& Application: Endorsed by Inter-Society Color Council, The Colour Group (Great Britain), Canadian Society for Color, Color Science Association of Japan, Dutch Society for the Study of Color, The Swedish Colour Centre Foundation, Colour Society of Australia, Centre Fran{\c{c}}ais de la Couleur},
  volume={29},
  number={4},
  pages={267--272},
  year={2004},
  publisher={Wiley Online Library}
}

@inproceedings{anderson:1996,
  title={Proposal for a standard default color space for the internet—srgb},
  author={Anderson, Matthew and Motta, Ricardo and Chandrasekar, Srinivasan and Stokes, Michael},
  booktitle={Color and imaging conference},
  volume={1996},
  number={1},
  pages={238--245},
  year={1996},
  organization={Society for Imaging Science and Technology}
}